<?xml version="1.0" encoding="UTF-8"?><collection><record><leader>09033ntm a2200709 a 4500</leader><controlfield tag="001">006768002</controlfield><controlfield tag="003">MiAaHDL</controlfield><controlfield tag="005">20190719000000.0</controlfield><controlfield tag="006">m        d        </controlfield><controlfield tag="007">cr bn ---auaua</controlfield><controlfield tag="008">090504s16uu    xx            00| ||ara d</controlfield><datafield tag="035" ind1=" " ind2=" "><subfield code="a">(MiU)006768002</subfield></datafield><datafield tag="035" ind1=" " ind2=" "><subfield code="a">sdr-miu006768002</subfield></datafield><datafield tag="040" ind1=" " ind2=" "><subfield code="a">MiU</subfield><subfield code="c">MiU</subfield><subfield code="e">amremm</subfield></datafield><datafield tag="043" ind1=" " ind2=" "><subfield code="a">n-us-mi</subfield></datafield><datafield tag="100" ind1="1" ind2=" "><subfield code="6">880-01</subfield><subfield code="a">ʻAbd al-Laṭīf Shāh Ḥusayn al-ʻAjamī,</subfield><subfield code="d">d. d.1514 or 5.</subfield></datafield><datafield tag="245" ind1="1" ind2="0"><subfield code="6">880-02</subfield><subfield code="a">[Shāh Ḥusayn ʻalá Qarah Ḥāshiyah ... etc.,</subfield><subfield code="f">17th century].</subfield></datafield><datafield tag="246" ind1="3" ind2=" "><subfield code="i">Edge title (tail):</subfield><subfield code="a">شاه حسين</subfield></datafield><datafield tag="246" ind1="3" ind2=" "><subfield code="i">Title from inscription on front flyleaf:</subfield><subfield code="a">حاشية شاه حسين على الحاشية الحسينية</subfield></datafield><datafield tag="260" ind1=" " ind2=" "><subfield code="a">[Istanbul,</subfield><subfield code="c">16--].</subfield></datafield><datafield tag="300" ind1=" " ind2=" "><subfield code="a">99 leaves :</subfield><subfield code="b">paper ;</subfield><subfield code="c">198 x 115 (147 x 55) mm. bound to 198 x 120 mm.</subfield></datafield><datafield tag="500" ind1=" " ind2=" "><subfield code="a">Shelfmark: Ann Arbor, University of Michigan, Special Collections Library, Isl. Ms. 117</subfield></datafield><datafield tag="500" ind1=" " ind2=" "><subfield code="a">Origin: As appears in colophon on p.113-114, copied by Maḥmūd ibn Ḥājjī Muḥammad (Mahmut bin Hacı Mehmet) in the medrese of the Nişancı Mehmet Paşa complex in Istanbul. Transcription of the first work finished in Dhū al-Qaʻdah 1083 [February-March 1673]. As appears on p.127, transcription of second work finished 1083 [February-March 1673]. Colophon on p.196 is quite difficult to make out, but seems to indicate that transcription of final work was completed in 1084 [1673 or 1674]. Paper certainly suggests 17th century.</subfield></datafield><datafield tag="500" ind1=" " ind2=" "><subfield code="a">Former shelfmark: British Museum, London "No. 153. Tracts on dialectics."</subfield></datafield><datafield tag="500" ind1=" " ind2=" "><subfield code="a">Binding: Pasteboards covered in laid marbled paper (blue and white) with spine, fore-edge flap, and edges/turn-ins in red-brown leather ; Type II binding (with flap) ; board linings in laid paper ; sewn in pink thread, two stations, with primaries in yellow ; only traces of worked endbands remain ; overall in poor condition with significant abrasion, staining, some lifting and losses of leather (particularly at fore-edge flap), delamination of boards, fore-edge flap detaching at lower cover, etc.</subfield></datafield><datafield tag="500" ind1=" " ind2=" "><subfield code="a">Support: European laid paper with 9 laid lines per cm. (vertical) and chain lines spaced 26 mm. apart (horizontal) ; paschal lamb in four-lobed circle watermark [compare Piccard inv. J 340/no. 86802 / (Venice, 1662), Heawood 2840 (Verona, 1678), Piccard inv. J 340/no. 86801 (Innsbruck, 1625)] ; fairly sturdy and well-burnished ; some staining.</subfield></datafield><datafield tag="500" ind1=" " ind2=" "><subfield code="a">Decoration: Keywords and abbreviations rubricated ; overlining in red ; crude rectangular 'headpiece' in red ink above opening on p.4 ; written area surrounded by red rule-border.</subfield></datafield><datafield tag="500" ind1=" " ind2=" "><subfield code="a">Script: Naskh-nastaʻlīq ; virtually serifless ; mainly closed counters ; slight effect of words descending to baseline ; final words/letters of line often superscript ; exaggerated thickness of horizontal strokes.</subfield></datafield><datafield tag="500" ind1=" " ind2=" "><subfield code="a">Layout: Written in 21 lines per page ; frame-ruled.</subfield></datafield><datafield tag="500" ind1=" " ind2=" "><subfield code="a">Collation: i, 3 V(30), VI (42), IV (50), III (56), 2 V(76), VII (90), V-1 (99) ; final two leaves originally left blank ; catchwords present ; pagination in pencil, Western numerals, supplied during digitization (includes front flyleaf).</subfield></datafield><datafield tag="500" ind1=" " ind2=" "><subfield code="a">Colophon: "Scribal," rectangular then triangular, reads: "تم هذه الحاشية الشريفة على يد العبد الضعيف المفتقر الى رحمة العافي ... محمود بن حاجي محمد ... في مدرسة نشان جى پاشا في قسطنطنية في وقت الضحى اوقات في شهر ذي القعدة سنة ثلث وثمانين والف الحمد لله على التمام والصلوة والسلام على محمد سيد الانام ... تم تم تم سنة ۱٨٣٠ [١٠٨٣] ; "Scribal," triangular, reads: "تمت سنة ۱۸٣٠ [١٠٨٣] تاريخ سنة ثلثة ثمانين والف" ; "Scribal," triangular, reads: "تم الكتاب بعون الملك الوهاب والمحمد بتاريخ ستة وثمانين ... والف سنة [؟] سنة ١٨٤٠ [١٠٨٤]"</subfield></datafield><datafield tag="500" ind1=" " ind2=" "><subfield code="a">Explicit: "و بما يحصل المقصود كما مر في الشق الاول من الشرديد [؟]"</subfield></datafield><datafield tag="500" ind1=" " ind2=" "><subfield code="a">Incipit: [Shāh Ḥusayn ʻalá Qarah Ḥāshiyah] "قوله سلك طريق الخ اعلم ان من دأب المصنفين ان يبتدأوا في اول تصانيفهم بكلام مشتمل على لفظ الحمد ..." ; [Qarah Ḥāshiyah] "الحمد لله الذي لا مانع لعطائه ..." ; [] "الحمد لله رب العالمين والصلوة على رسوله محمد واله اجمعين وبعد فقد قال الامام المحقق ... شمس الملة والدين محمد السمرقندي المنة علينا من من عليه لواهب ..."</subfield></datafield><datafield tag="500" ind1=" " ind2=" "><subfield code="a">Title supplied by cataloguer from inscription on front flyleaf (p.1).</subfield></datafield><datafield tag="500" ind1=" " ind2=" "><subfield code="a">Ms. codex.</subfield></datafield><datafield tag="505" ind1="0" ind2=" "><subfield code="a">4. p.128-p.196 : [al-Masʻūdī] / Kamāl al-Dīn Masʻūd al-Shirwānī al-Rūmī.</subfield></datafield><datafield tag="505" ind1="0" ind2=" "><subfield code="a">3. p.116-p.127 : [Qarah Ḥāshiyah] / ʻImād al-Dīn Yaḥyá al-Kāshī.</subfield></datafield><datafield tag="505" ind1="0" ind2=" "><subfield code="a">2. p.115 : [originally left blank].</subfield></datafield><datafield tag="505" ind1="0" ind2=" "><subfield code="a">1. p.4-p.114 : Shāh Ḥusayn ʻalá Qarah Ḥāshiyah / ʻAbd al-Laṭīf Shāh Ḥusayn al-ʻAjamī.</subfield></datafield><datafield tag="510" ind1="4" ind2=" "><subfield code="6">880-04</subfield><subfield code="a">Ghulāmī Muqaddam, BarātʻAlī. Fihrist-i kutub-i khaṭṭi-i Kitābʻkhānah-i Markazī-i Āstān-i Quds-i Raz̤avī : jild-i bīst va chahārum, manṭiq. Mashhad, 1383 [2004 or 5].</subfield><subfield code="c">(pp.155-156)</subfield></datafield><datafield tag="510" ind1="4" ind2=" "><subfield code="a">Brockelmann, C. GAL,</subfield><subfield code="c">I 468 ; SI 849</subfield></datafield><datafield tag="520" ind1="8" ind2=" "><subfield code="a">Fine copy of a supergloss on a gloss by ʻImād al-Dīn Yaḥyá al-Kāshī (ca.1350) upon the commentary by Kamāl al-Dīn Masʻūd al-Shirwānī al-Rūmī (d.1499) on al-Samarqandī's (13th c.) treatise on disputation, Risālah fī ādāb al-baḥth. Followed by the text of al-Kāshī's gloss and al-Shirwānī's commentary.</subfield></datafield><datafield tag="538" ind1=" " ind2=" "><subfield code="a">Mode of access: Internet.</subfield></datafield><datafield tag="541" ind1=" " ind2=" "><subfield code="c">Purchase ;</subfield><subfield code="a">Acquired by purchase along with Abdul Hamid Collection (funds donated by Horace Rackham).</subfield><subfield code="d">1924.</subfield></datafield><datafield tag="546" ind1=" " ind2=" "><subfield code="a">Arabic.</subfield></datafield><datafield tag="561" ind1=" " ind2=" "><subfield code="a">Bookplate of British Museum, London on interior of upper cover, "British Museum, London. No. 153. Tracts on dialectics." ; circular seal impression with figure of goat/gazelle in purple ink as well as inscription "415" in Western numerals on front flyleaf (p.1) ; on 'title page' (p.3) traces of ownership statement accompanied by oval seal impression, both now struck-through and obscured ; also on 'title page' (p.3) ownership statement in name of one Aḥmad ibn Muṣṭafá ibn Aḥmad known as Dīvānī (Ahmet bin Mustafa bin Ahmet Divani) accompanied by octagonal seal impression ("عبده احمد ..."), statement reads "من ممتلكات الفقير اليه عز شانه السيد احمد بن مصطفى بن احمد الشهير بديوانى [دلوانى؟] بارضروم عفي عنهم" ; on paper (blue-tinted) pasted on 'title page' (p.3), a detailed waqf statement in the name of al-Sayyid ʻAbd Allāh Adīb (Abdullah Edip), known as Jannatʹzādah (Cennet-zade), qāḍī of Erzurum, accompanied by his seal, reads: "وقفت وقفا صحيحا شرعيا على ان لا يخرج من بيت الكتب الملتصق بداري الا لعلماء سكنوا بارضروم بكفيل مرعى اورهن قوي وانا الفقير اليه عز شانه السيد عبد الله اديب الشهير بجنت زاده القاضي بمدينة ارضروم في سنة اثنى وستين ومائتين والف" ; a few glosses and marginal corrections.</subfield></datafield><datafield tag="600" ind1="1" ind2="0"><subfield code="a">Samarqandī, Muḥammad ibn Ashraf,</subfield><subfield code="d">13th cent.</subfield><subfield code="t">Risālah fī ādāb al-baḥth.</subfield></datafield><datafield tag="600" ind1="1" ind2="0"><subfield code="a">Shirwānī, Masʻūd ibn Ḥusayn,</subfield><subfield code="d">d. 1499 or 1500.</subfield><subfield code="t">Masʻūdī.</subfield></datafield><datafield tag="600" ind1="1" ind2="0"><subfield code="a">Kāshī, ʻImād al-Dīn Yaḥyá,</subfield><subfield code="d">ca. 1350.</subfield><subfield code="t">Qarah Ḥāshiyah.</subfield></datafield><datafield tag="650" ind1=" " ind2="0"><subfield code="a">Manuscripts, Arabic</subfield><subfield code="z">Michigan</subfield><subfield code="z">Ann Arbor.</subfield></datafield><datafield tag="650" ind1=" " ind2="0"><subfield code="a">Dialectic</subfield><subfield code="v">Early works to 1800.</subfield></datafield><datafield tag="700" ind1="0" ind2=" "><subfield code="6">880-07</subfield><subfield code="a">Ahmet bin Mustafa bin Ahmet Divani,</subfield><subfield code="e">former owner.</subfield></datafield><datafield tag="700" ind1="0" ind2=" "><subfield code="6">880-06</subfield><subfield code="a">Mahmut bin Hacı Mehmet,</subfield><subfield code="d">fl. 1673,</subfield><subfield code="e">scribe.</subfield></datafield><datafield tag="700" ind1="1" ind2="2"><subfield code="6">880-04</subfield><subfield code="a">Shirwānī, Masʻūd ibn Ḥusayn,</subfield><subfield code="d">-1499 or 1500.</subfield><subfield code="t">Masʻūdī.</subfield></datafield><datafield tag="700" ind1="1" ind2="2"><subfield code="6">880-03</subfield><subfield code="a">Kāshī, ʻImād al-Dīn Yaḥyá,</subfield><subfield code="d">ca. 1350.</subfield><subfield code="t">Qarah Ḥāshiyah.</subfield></datafield><datafield tag="773" ind1="0" ind2=" "><subfield code="a">Tiflis Collection.</subfield></datafield><datafield tag="880" ind1="0" ind2=" "><subfield code="6">700-07/</subfield><subfield code="a">احمد بن مصطفى بن احمد ديوانى،</subfield><subfield code="e">مالك سابق.</subfield></datafield><datafield tag="880" ind1="0" ind2=" "><subfield code="6">700-06/</subfield><subfield code="a">محمود بن حاجى محمد،</subfield><subfield code="e">ناسخ.</subfield></datafield><datafield tag="880" ind1="1" ind2="2"><subfield code="6">700-04/</subfield><subfield code="a">شرواني، مسعود بن حسين.</subfield><subfield code="t">مسعودي.</subfield></datafield><datafield tag="880" ind1="1" ind2="2"><subfield code="6">700-03/</subfield><subfield code="a">كاشي، عماد الدين يحيى.</subfield><subfield code="t">قره حاشية.</subfield></datafield><datafield tag="880" ind1="4" ind2=" "><subfield code="6">510-04/</subfield><subfield code="a">غلامى مقدم، براتعلى. فهرست كتب خطى كتابخانه مركزى آسات قدسى رضوى : جلد بيست و چهارم، منطق. مشهد، ۱۳۸۳.</subfield></datafield><datafield tag="880" ind1="1" ind2="0"><subfield code="6">245-02/</subfield><subfield code="a">[شاه حسين على قره حاشية ... الخ,</subfield><subfield code="f">القرن 17م].</subfield></datafield><datafield tag="880" ind1="1" ind2=" "><subfield code="6">100-01/</subfield><subfield code="a">عبد اللطيف شاه حسين عجمى.</subfield></datafield><datafield tag="CID" ind1=" " ind2=" "><subfield code="a">006768002</subfield></datafield><datafield tag="DAT" ind1="0" ind2=" "><subfield code="a">20190719102634.0</subfield><subfield code="b">20190719000000.0</subfield></datafield><datafield tag="DAT" ind1="1" ind2=" "><subfield code="a">20190719090653.0</subfield><subfield code="b">2019-07-19T16:11:22Z</subfield></datafield><datafield tag="DAT" ind1="2" ind2=" "><subfield code="a">2015-10-10T18:00:06Z</subfield></datafield><datafield tag="CAT" ind1=" " ind2=" "><subfield code="a">SDR-MIU</subfield><subfield code="d">EX LIBRIS - ALEPH</subfield><subfield code="l">prepare.pl-004-008</subfield></datafield><datafield tag="FMT" ind1=" " ind2=" "><subfield code="a">BK</subfield></datafield><datafield tag="HOL" ind1=" " ind2=" "><subfield code="0">sdr-miu006768002</subfield><subfield code="a">MiU</subfield><subfield code="b">SDR</subfield><subfield code="c">MIU</subfield><subfield code="p">mdp.39015079125392</subfield><subfield code="s">MIU</subfield><subfield code="1">006768002</subfield></datafield><datafield tag="974" ind1=" " ind2=" "><subfield code="b">MIU</subfield><subfield code="c">MIU</subfield><subfield code="d">20190719</subfield><subfield code="s">lit-dlps-dc</subfield><subfield code="u">mdp.39015079125392</subfield><subfield code="y">1699</subfield><subfield code="r">pd</subfield><subfield code="q">bib</subfield><subfield code="t">non-US bib date1 &lt; 1896</subfield></datafield></record></collection>